<?xml version="1.0" encoding="UTF-8"?><record xmlns="http://www.loc.gov/MARC21/slim" xmlns:cinclude="http://apache.org/cocoon/include/1.0" xmlns:zs="http://www.loc.gov/zing/srw/">
  <leader>00326cz  a2200121n  4500</leader>
  <controlfield tag="001">n  94048001 </controlfield>
  <controlfield tag="003">DLC</controlfield>
  <controlfield tag="005">19940519083404.5</controlfield>
  <controlfield tag="008">940518n| acannaab|          |n aaa |||  </controlfield>
  <datafield tag="010" ind1=" " ind2=" ">
    <subfield code="a">n  94048001 </subfield>
  </datafield>
  <datafield tag="040" ind1=" " ind2=" ">
    <subfield code="a">DLC</subfield>
    <subfield code="c">DLC</subfield>
    <subfield code="d">DLC</subfield>
  </datafield>
  <datafield tag="100" ind1="1" ind2="0">
    <subfield code="a">Mazanac, Jerry</subfield>
  </datafield>
  <datafield tag="670" ind1=" " ind2=" ">
    <subfield code="a">His Jerry Mazanac's Bohemian polkas [SR] 1957?:</subfield>
    <subfield code="b">label (Jerry Mazanac)</subfield>
  </datafield>
</record>